@article{Chambers:1956zz,
    author = "Chambers, E.E. and Hofstadter, R.",
    doi = "10.1103/PhysRev.103.1454",
    journal = "Phys.Rev.",
    pages = "1454--1463",
    title = "Structure of the Proton",
    volume = "103",
    year = "1956"
}

@article{Bauer:1988fx,
    author         = "Bauer, Manfred and Wirbel, Manfred",
    title          = "{Form-Factor Effects in Exclusive d and B Decays}",
    journal        = "Z. Phys.",
    volume         = "C42",
    year           = "1989",
    pages          = "671",
    doi            = "10.1007/BF01557675",
    reportNumber   = "HD-THEP-88-22, DO-TH-88-19",
    SLACcitation   = "%%CITATION = ZEPYA,C42,671;%%"
}
@article{brown2001interval,
    title={Interval Estimation for a Binomial Proportion},
    author={Brown, Lawrence D and Cai, T Tony and Dasgupta, Anirban},
    journal={Statistical Science},
    volume={16},
    number={2},
    pages={101--133},
    doi="10.1214/ss/1009213286",
    year={2001}
}
@article{PDG,
    author = "Patrignani, C. and others",
    collaboration = "Particle Data Group",
    doi = "10.1088/1674-1137/40/10/100001",
    journal = "Chin.Phys.C",
    number = "10",
    pages = "100001",
    title = "Review of Particle Physics",
    volume = "40",
    year = "2016"
}

@book{IEEE-1363,
    author={{IEEE Std 1363-2000}},
    title={{IEEE} Standard Specifications for Public-Key Cryptography},
    address={New York},
    publisher={IEEE},
    year={2000}
}

@inproceedings{kocher99,
    author={C. Kocher and J. Jaffe and B. Jun},
    title={Differential Power Analysis},
    editor={M. Wiener},
    booktitle={Advances in Cryptology ({CRYPTO}~'99)},
    series={Lecture Notes in Computer Science},
    volume={1666},
    pages={388-397},
    publisher={Springer-Verlag},
    month=8,
    year={1999}
}


@INCOLLECTION{Krasnogor2004e,
    AUTHOR = {N. Krasnogor},
    TITLE = {Towards robust memetic algorithms},
    BOOKTITLE = {Recent Advances in Memetic Algorithms},
    PUBLISHER = {Springer Berlin Heidelberg},
    YEAR = {2004},
    PAGES = {185-207},
    EDITOR = {W.E. Hart and N. Krasnogor and J.E. Smith},
    VOLUME = {166},
    SERIES = {Studies in Fuzziness and Soft Computing},  
    ADDRESS = {New York},  
}


@Book{tex,
    author    = "Donald E. Knuth",
    title     = "The {\TeX} Book",
    publisher = "Addison-Wesley Publishing Company",
    address   = "Reading, MA",
    year      = 1989,
    edition   = "15th",
}

@Book{companion,
    author    = "Michel Goosens and Frank Mittelbach and Alexander Samarin",
    title     = "The {\LaTeX} Companion",
    publisher = "Addison-Wesley Publishing Company",
    address   = "Reading, MA",
    PAGES = "112--125",
    year      = 1994,
}

@ARTICLE{ELIDRISSI94,
    AUTHOR =       "{Chafik El Idrissi}, M. and {Roney}, A. and {Frigon}, C. and
    {Larzilli{\`e}re}, M.",
    TITLE =        "Measurements of total kinetic-energy released to the {$N=2$}
dissociation limit of {H}$_2$ --- evidence of the dissociation
    of very high vibrational {R}ydberg states of {H}$_2$ by
    doubly-excited states",
    JOURNAL =      "Chemical Physics Letters",
    PAGES =        "260-266",
    VOLUME =       224,
    NUMBER =       10,
    YEAR =         1994,
}

@ARTICLE{MELLINGER96,
    AUTHOR =       "Mellinger, A. and Vidal, C. R. and Jungen, Ch.",
    TITLE =        "Laser reduced fluorescence study of the carbon-monoxide nd
        triplet {R}ydberg series-experimental results and multichannel
        quantum-defect analysis",
    JOURNAL =      "J. Chem. Phys.",
    PAGES =        "8913-8921",
    VOLUME =       104,
    NUMBER =       5,
    YEAR =         1996,
}

@TechReport{NPB2,
    title =        {The {NAS} Parallel Benchmarks 2.0},
    author =       {Alex Woo and David Bailey and Maurice Yarrow and Wijngaart
        Wijngaart and Tim Harris and William Saphir},
    year =         1995,
    month =        12,
    institution =  "The Pennsylvania State University CiteSeer Archives",
    url =          "http://www.nasa.org/"
}

@INPROCEEDINGS{DPMG,
    author =       {Kim, Sangbum and Woo, Namyoon and Yeom, Heon Y. and Park,
        Taesoon and Park, Hyoungwoo},
    title =        {Design and {I}mplementation of {D}ynamic {P}rocess
        {M}anagement for {G}rid-enabled {MPICH}},
    booktitle =    {the 10th European PVM/MPI Users' Group Conference},
    year =         2003,
    address =      {Venice, Italy},
    month =        sep,
}

@MastersThesis{metamori2004,
    author =       {Ashwin Raju Jeyakumar},
    title =        {Metamori: A library for Incremental File Checkpointing},
    school =       {Virgina Tech},
    year =         2004,
    month =        6,
    address =      {Blacksburg},
}

@PHDTHESIS{FistSystem01,
    AUTHOR =       "Erez Zadok",
    TITLE =        "{FiST: A System for Stackable File System Code Generation}",
    YEAR =         2001,
    MONTH =        5,
    SCHOOL =       "Computer Science Department, Columbia University",
    ADDRESS =      "USA"
}

@INBOOK{ColdSources,
    AUTHOR =       {P. Gr{\"o}ning and L. Nilsson and P. Ruffieux and R.
        Clergereaux and O. Gr{\"o}ning},
    TITLE =        {Encyclopedia of Nanoscience and Nanotechnology},
    pages =        {547--579},
    PUBLISHER =    {American Scientific Publishers},
    YEAR =         2004,
    volume =       1,
}

%%% import from Xiao Dong
@article{BEPCBESIII_upgrade,
      author         = "W.G. Li",
      title          = "{BEPCII/BES~III Upgrade and the Prospective Physics}",
      journal        = "ECONFC060409",
      volume         = "23",
      year           = "2006",
      pages          = "FPCP06\_313"
}

@article{mcsim,
      author         = "Metropolis, N. and  Ulam, S.",
      title          = "{The Monte Carlo Method}",
      journal        = "Journal of the American Statistical Association",
      volume         = "44",
      pages          = "247",
      year           = "1949",
}

@inproceedings{BEPCII,
    title={北京谱仪重大改造},
    author={李卫国},
    booktitle={2004学术年会论文集},
    year={2004}
}
@article{BESII-design,
    title={BESIII 初步设计报告},
    author={中国科学院高能物理研究所},
    year={2002},
    url={http://bes.ihep.ac.cn/bes3/design05/design/design1.htm}
}

@article{BEPCII-design,
    title={BEPCII 初步设计报告},
    author={中国科学院高能物理研究所},
    year={2002},
    url={http://bes.ihep.ac.cn/bes3/design05/design/design1.htm}
}
@article{bes3phys,
      author         = "Asner, D. M. and others",
      title          = "{Physics at BES-III}",
      journal        = "Int. J. Mod. Phys.",
      volume         = "A24",
      year           = "2009",
      pages          = "S1-794",
      eprint         = "0809.1869",
      archivePrefix  = "arXiv",
      primaryClass   = "hep-ex",
      reportNumber   = "IHEP-PHYSICS-REPORT-BES-III-2008-001",
      SLACcitation   = "%%CITATION = ARXIV:0809.1869;%%"

      }

@article{bes3,
    author         = "BESIII Preliminary Design Report.",
    year           = "2004",
}

@article{BOOST,
	title={面向对象的BESⅢ探测器模拟系统},
	author={邓子艳 and 曹国富 and 付成栋 and 何苗 and 刘怀民 and 冒亚军 and 夏宇 and 尤郑昀 and 袁野 and 汤睿},
	journal={Chinese Physics C},
	volume={30},
	number={5},
	pages={371-377},
	doi="10.3321/j.issn:0254-3052.2006.05.001"
}

@article{kmfit,
    author  = "等 严亮",
    title   = "{Lagrange multiplier method used in BESIII}",
    journal = "Chinese Physics C",
    volume  = "34",
    pages   = "204",
    year    = "2010",
}
@article{Yan:2010zze,
    author = "Yan, Liang and others",
    doi = "10.1088/1674-1137/34/2/009",
    journal = "Chin.Phys.C",
    pages = "204--209",
    title = "Lagrange multiplier method used in BESIII kinematic fitting",
    volume = "34",
    year = "2010"
}


@article{pidpackage,
    author   = "等 秦刚",
    title    = "{北京谱仪III上利用神经网络方法进行粒子鉴别的研究}",
    journal  = "Chinese Physics C",
    volume   = "32",
    pages    = "1",
    year     = "2008",
}

@article{CKM,
    author         = "M. Kobayashi, T. Maskawa",
    journal        = "Prog. Theor. Phys.",
    volume         = "49",
    pages          = "652",
    year           = "1973",
}


@article{Ablikim:2009aa,
      author         = "Ablikim, M. and others",
      title          = "{Design and Construction of the BESIII Detector}",
      collaboration  = "BESIII",
      journal        = "Nucl. Instrum. Meth.",
      volume         = "A614",
      year           = "2010",
      pages          = "345-399",
      doi            = "10.1016/j.nima.2009.12.050",
      eprint         = "0911.4960",
      archivePrefix  = "arXiv",
      primaryClass   = "physics.ins-det",
      SLACcitation   = "%%CITATION = ARXIV:0911.4960;%%"
}

%url = {"https://doi.org/10.1088%2F1674-1137%2F32%2F1%2F001"},
@article{Gang_2008,
	doi = {10.1088/1674-1137/32/1/001},
	year = 2008,
	month = {jan},
	publisher = {{IOP} Publishing},
	volume = {32},
	number = {1},
	pages = {1--8},
	author = {Qin Gang and Lü Jun-Guang and He Kang-Lin and Bian Jian-Ming and Cao Guo-Fu and Deng Zi-Yan and He Miao and Huang Bin and Ji Xiao-Bin and Li Gang and Li Hai-Bo and Li Wei-Dong and Liu Chun-Xiu and Liu Huai-Min and Ma Qiu-Mei and Ma Xiang and Mao Ya-Jun and Mao Ze-Pu and Mo Xiao-Hu and Qiu Jin-Fa and Sun Sheng-Sen and Sun Yong-Zhao and Wang Ji-Ke and Wang Liang-Liang and Wen Shuo-Pin and Wu Ling-Hui and Xie Yu-Guang and You Zheng-Yun and Yang Ming and Yu Guo-Wei and Yuan Chang-Zheng and Yuan Ye and Zang Shi-Lei and Zhang Chang-Chun and Zhang Jian-Yong and Zhang Ling and Zhang Xue-Yao and Zhang Yao and Zhu Yong-Sheng and Zou Jia-Heng},
	title = {Particle identification using artificial neural networks at {BESIII}},
	journal = {Chinese Physics C},
	abstract = {A multilayered perceptrons' neural network technique has been applied in the particle identification at BESIII. The networks are trained in each sub-detector level. The NN output of sub-detectors can be sent to a sequential network or be constructed as PDFs for a likelihood. Good muon-ID, electron-ID and hadron-ID are obtained from the networks by using the simulated Monte Carlo samples.}
}

@article{Athar:2008ug,
	author = "Athar, S.B. and others",
	archivePrefix = "arXiv",
	collaboration = "CLEO",
	doi = "10.1103/PhysRevLett.100.181802",
	eprint = "0803.1118",
	journal = "Phys.Rev.Lett.",
	pages = "181802",
	primaryClass = "hep-ex",
	reportNumber = "CLNS-08-2022-CLEO-08-06",
	title = "First Observation of the Decay D(s)+ ---> p anti-n",
	volume = "100",
	year = "2008"
}
@article{Ablikim:2018iad,
    author = "Ablikim, M. and others",
    archivePrefix = "arXiv",
    collaboration = "BESIII",
    doi = "10.1103/PhysRevD.99.031101",
    eprint = "1811.00752",
    journal = "Phys.Rev.D",
    number = "3",
    pages = "031101",
    primaryClass = "hep-ex",
    title = "Observation of $D^+\_s\rightarrow p\bar{n}$ and confirmation of its
        large branching fraction",
    volume = "99",
    year = "2019"
}

@article{Bayes2001An,
    title ="An essay towards solving a problem in the doctrine of chances. Reprint of R. Soc. Lond. Philos. Trans. 53", 
    author={Bayes, Thomas},
    journal={Rev.r.acad.cienc.exactas Fís.nat},
    number={1-2},
    pages={11-60},
    year={2001}
}
@book{Kendall2004Kendall,
    title={Kendall's advanced theory of statistics. Volume 2B, Bayesian inference / Anthony O'Hagan and Jonatha},
    author={Kendall and MauriceG},
    publisher={John wiley and sons},
    year={2004}
}
@article{Zhu2007Upper,
    title={Upper limit for Poisson variable incorporating systematic uncertainties by Bayesian approach},
    author={Zhu, Yong Sheng},
    journal={Nuclear Inst \& Methods in Physics Research A},
    volume={578},
    number={1},
    pages={322-328},
    year={2007}
}
@article{Alexander:2008aa,
      author         = "Alexander, J. P. and others",
      title          = "{Absolute Measurement of Hadronic Branching Fractions of
                        the D(s)+ Meson}",
      collaboration  = "CLEO",
      journal        = "Phys. Rev. Lett.",
      volume         = "100",
      year           = "2008",
      pages          = "161804",
      doi            = "10.1103/PhysRevLett.100.161804",
      eprint         = "0801.0680",
      archivePrefix  = "arXiv",
      primaryClass   = "hep-ex",
      reportNumber   = "CLNS-07-2016, CLEO-07-20",
      SLACcitation   = "%%CITATION = ARXIV:0801.0680;%%"
}
@article{K.Stenson:2006,
     author = "K. Stenson",
     title = "{A more exact solution for incorporating multiplicative
         systematic uncertainties in branching ratio limits}",
     eprint = "physics/0605236",
     archivePrefix = "arXiv",
     primaryClass = "hep-ex"
}
@unpublished{HaoXq:ProtonPID,
    author          = "Zhou,Xiao Kang and others",
    title           = "Analysis of Ds to pn @4180GeV", 
    note            = "\url{http://docbes3.ihep.ac.cn/cgi-bin/DocDB/ShowDocument?docid=618}"
}
@article{Alguard:1976bk,
      author         = "Alguard, M. J. and others",
      title          = "{Elastic Scattering of Polarized Electrons by Polarized
                        Protons}",
      booktitle      = "{Internal spin structure of the nucleon. Proceedings,
                        Symposium, SMC Meeting, New Haven, USA, January 5-6,
                        1994}",
      journal        = "Phys. Rev. Lett.",
      volume         = "37",
      year           = "1976",
      pages          = "1258",
      doi            = "10.1103/PhysRevLett.37.1258",
      note           = "[,285(1976)]",
      reportNumber   = "SLAC-PUB-1789",
      SLACcitation   = "%%CITATION = PRLTA,37,1258;%%"
}

@article{Kobayashi:1973fv,
    author         = "Kobayashi, Makoto and Maskawa, Toshihide",
    title          = "{CP Violation in the Renormalizable Theory of Weak
        Interaction}",
    journal        = "Prog. Theor. Phys.",
    volume         = "49",
    year           = "1973",
    pages          = "652-657",
    doi            = "10.1143/PTP.49.652",
    reportNumber   = "KUNS-242",
    SLACcitation   = "%%CITATION = PTPKA,49,652;%%"
}

@article{Pham:1980dc,
    author         = "Pham, Xuan Yem",
    title          = "{A Beautiful Signature $F^+\to p \bar{n}$ as an
        Unambiguous Proof of the Annihilation Mechanism}",
    journal        = "Phys. Rev. Lett.",
    volume         = "45",
    year           = "1980",
    pages          = "1663",
    doi            = "10.1103/PhysRevLett.45.1663",
    reportNumber   = "PAR-LPTHE 80-20",
    SLACcitation   = "%%CITATION = PRLTA,45,1663;%%"
}

@article{Tien:2013nga,
    author         = "Tien, K. -J. and others",
    title          = "{Evidence for semileptonic $B^- \to
        p\bar{p}l^-\bar{\nu}_l$ decays}",
    collaboration  = "Belle",
    journal        = "Phys. Rev.",
    volume         = "D89",
    year           = "2014",
    number         = "1",
    pages          = "011101",
    doi            = "10.1103/PhysRevD.89.011101",
    eprint         = "1306.3353",
    archivePrefix  = "arXiv",
    primaryClass   = "hep-ex",
    reportNumber   = "BELLE-PREPRINT-2013-10-KEK-PREPRINT-2013-10",
    SLACcitation   = "%%CITATION = ARXIV:1306.3353;%%"
}

@article{Bai:2003sw,
    author         = "Bai, J. Z. and others",
    title          = "{Observation of a near threshold enhancement in th p
        anti-p mass spectrum from radiative J / psi ---> gamma p
        anti-p decays}",
    collaboration  = "BES",
    journal        = "Phys. Rev. Lett.",
    volume         = "91",
    year           = "2003",
    pages          = "022001",
    doi            = "10.1103/PhysRevLett.91.022001",
    eprint         = "hep-ex/0303006",
    archivePrefix  = "arXiv",
    primaryClass   = "hep-ex",
    reportNumber   = "SLAC-PUB-9709, UH-511-1019-03",
    SLACcitation   = "%%CITATION = HEP-EX/0303006;%%"
}

@article{Sibirtsev:2004id,
    author         = "Sibirtsev, Alexander and Haidenbauer, Johann and Krewald,
    S. and Meissner, Ulf-G. and Thomas, Anthony William",
    title          = "{Near threshold enhancement of the p anti-p mass spectrum
        in j/psi decay}",
    journal        = "Phys. Rev.",
    volume         = "D71",
    year           = "2005",
    pages          = "054010",
    doi            = "10.1103/PhysRevD.71.054010",
    eprint         = "hep-ph/0411386",
    archivePrefix  = "arXiv",
    primaryClass   = "hep-ph",
    reportNumber   = "FZJ-IKP-TH-2004-20, HISKP-TH-04-24, JLAB-THY-05-01",
    SLACcitation   = "%%CITATION = HEP-PH/0411386;%%"
}

@article{Ablikim:2005um,
    author         = "Ablikim, M. and others",
    title          = "{Observation of a resonance X(1835) in J / psi -> gamma
        pi+ pi- eta-prime}",
    collaboration  = "BES",
    journal        = "Phys. Rev. Lett.",
    volume         = "95",
    year           = "2005",
    pages          = "262001",
    doi            = "10.1103/PhysRevLett.95.262001",
    eprint         = "hep-ex/0508025",
    archivePrefix  = "arXiv",
    primaryClass   = "hep-ex",
    SLACcitation   = "%%CITATION = HEP-EX/0508025;%%"
}

@article{BESIII:2011aa,
    author         = "Ablikim, M. and others",
    title          = "{Spin-Parity Analysis of $p\bar{p}$ Mass Threshold
        Structure in $J/\psi$ and $\psi^\prime$ Radiative Decays}",
    collaboration  = "BESIII",
    journal        = "Phys. Rev. Lett.",
    volume         = "108",
    year           = "2012",
    pages          = "112003",
    doi            = "10.1103/PhysRevLett.108.112003",
    eprint         = "1112.0942",
    archivePrefix  = "arXiv",
    primaryClass   = "hep-ex",
    SLACcitation   = "%%CITATION = ARXIV:1112.0942;%%"
}

@article{Cheng:2017qpv,
    title = "The semileptonic baryonic decay $D_{s}^{+}\to p \bar{p} e^{+}
\nu_{e}$",
    journal = "Physics Letters B",
    volume = "780",
    pages = "100 - 105",
    year = "2018",
    issn = "0370-2693",
    doi = "https://doi.org/10.1016/j.physletb.2018.02.060",
    url = "http://www.sciencedirect.com/science/article/pii/S0370269318301722",
    author = "Hai-Yang Cheng and Xian-Wei Kang",
    keywords = "Semileptonic baryonic decay,  transition form factor, Low-energy  interaction,  meson"
}

@article{Lees:2011qz,
    author         = "Lees, J. P. and others",
    title          = "{Search for the Decay $D^0 -> \gamma \gamma$ and
        Measurement of the Branching Fraction for $D^0 -> \pi^0
        \pi^0$}",
    collaboration  = "BaBar",
    journal        = "Phys. Rev.",
    volume         = "D85",
    year           = "2012",
    pages          = "091107",
    doi            = "10.1103/PhysRevD.85.091107",
    eprint         = "1110.6480",
    archivePrefix  = "arXiv",
    primaryClass   = "hep-ex",
    reportNumber   = "SLAC-PUB-14392, BABAR-PUB-11-004",
    SLACcitation   = "%%CITATION = ARXIV:1110.6480;%%"
}

@article{Ablikim:2015djc,
    author         = "Ablikim, M. and others",
    title          = "{Search for $D^0\to\gamma\gamma$ and improved measurement
        of the branching fraction for $D^0 \to \pi^0\pi^0$}",
    collaboration  = "BESIII",
    journal        = "Phys. Rev.",
    volume         = "D91",
    year           = "2015",
    number         = "11",
    pages          = "112015",
    doi            = "10.1103/PhysRevD.91.112015",
    eprint         = "1505.03087",
    archivePrefix  = "arXiv",
    primaryClass   = "hep-ex",
    SLACcitation   = "%%CITATION = ARXIV:1505.03087;%%"
}

@article{Ablikim:2017twd,
    author         = "Ablikim, Medina and others",
    title          = "{Search for the radiative leptonic decay $D^{+}\to \gamma
        e^{+} {\nu}_{e}$}",
    collaboration  = "BESIII",
    journal        = "Phys. Rev.",
    volume         = "D95",
    year           = "2017",
    number         = "7",
    pages          = "071102",
    doi            = "10.1103/PhysRevD.95.071102",
    eprint         = "1702.05837",
    archivePrefix  = "arXiv",
    primaryClass   = "hep-ex",
    SLACcitation   = "%%CITATION = ARXIV:1702.05837;%%"
}

@article{RogerBarlow,
    author = "Roger Barlow",
    title={Asymmetric Statistical Errors},
    eprint = "physics/0406120",
    archivePrefix = "arXiv",
    primaryClass = "hep-ex"
}

@article{Ablikim:2017tys,
    author         = "Ablikim, Medina and others",
    title          = "{Study of $J/\psi$ and $\psi(3686)$ decay to
        $\Lambda\bar{\Lambda}$ and $\Sigma^0\bar{\Sigma}^0$ final
        states}",
    collaboration  = "BESIII",
    journal        = "Phys. Rev.",
    volume         = "D95",
    year           = "2017",
    number         = "5",
    pages          = "052003",
    doi            = "10.1103/PhysRevD.95.052003",
    eprint         = "1701.07191",
    archivePrefix  = "arXiv",
    primaryClass   = "hep-ex",
    SLACcitation   = "%%CITATION = ARXIV:1701.07191;%%"
}

@article{Ablikim:2005cda,
    author         = "Ablikim, M. and others",
    title          = "{Study of J / psi decays to $\Lambda \bar{\Lambda}$
             and $\Sigma^{0} \bar{\Sigma}^{0}$}",
    collaboration  = "BES",
    journal        = "Phys. Lett.",
    volume         = "B632",
    year           = "2006",
    pages          = "181-186",
    doi            = "10.1016/j.physletb.2005.10.079",
    eprint         = "hep-ex/0506020",
    archivePrefix  = "arXiv",
    primaryClass   = "hep-ex",
    SLACcitation   = "%%CITATION = HEP-EX/0506020;%%"
}

@article{commins1985weak,
    title={Weak Interactions of Leptons and Quarks},
    author={Commins, Eugene D and Bucksbaum, P H},
    journal={American Journal of Physics},
    volume={53},
    number={1},
    pages={92--93},
    year={1985}
}

@unpublished{PID:jiaojiao,
    author = "Song, Jiao Jiao and Kupsc, Andrzej and Yuan, Chang Zheng
        and Zhang, Xue Yao",
    title = "{Angular distribution of $\psi(2S) \to \Omega$ $\bar{\Omega}$}",
    note = "BESIII Coll. Meeting in Summer of 2018"
}

@article{Faldt:2013gka,
      author         = "Foldt, Garan",
      title          = "{Entanglement in joint $\Lambda \bar{\Lambda}$ decay}",
      journal        = "Eur. Phys. J.",
      volume         = "A51",
      year           = "2015",
      number         = "7",
      pages          = "74",
      doi            = "10.1140/epja/i2015-15074-3",
      eprint         = "1306.0525",
      archivePrefix  = "arXiv",
      primaryClass   = "nucl-th",
      SLACcitation   = "%%CITATION = ARXIV:1306.0525;%%"
}

@article{Czyz:2007wi,
      author         = "Czyz, Henryk and Grzelinska, Agnieszka and Kuhn, Johann
                        H.",
      title          = "{Spin asymmetries and correlations in lambda-pair
                        production through the radiative return method}",
      journal        = "Phys. Rev.",
      volume         = "D75",
      year           = "2007",
      pages          = "074026",
      doi            = "10.1103/PhysRevD.75.074026",
      eprint         = "hep-ph/0702122",
      archivePrefix  = "arXiv",
      primaryClass   = "HEP-PH",
      reportNumber   = "TTP07-03",
      SLACcitation   = "%%CITATION = HEP-PH/0702122;%%"
}

@article{Gakh:2005hh,
      author         = "Gakh, G. I. and Tomasi-Gustafsson, E.",
      title          = "{General analysis of polarization phenomena in $e^{+}
                        e^{-} \to N  \bar{N}$ for axial parametrization of 
                            two-photon
                        exchange}",
      journal        = "Nucl. Phys.",
      volume         = "A771",
      year           = "2006",
      pages          = "169-183",
      doi            = "10.1016/j.nuclphysa.2006.03.009",
      eprint         = "hep-ph/0511240",
      archivePrefix  = "arXiv",
      primaryClass   = "hep-ph",
      reportNumber   = "DAPNIA-05-293",
      SLACcitation   = "%%CITATION = HEP-PH/0511240;%%"
}

@article{NAIR2019535,
    title = "Constraining P and CP violation in the main decay of the neutral Sigma hyperon",
    journal = "Physics Letters B",
    volume = "788",
    pages = "535 - 541",
    year = "2019",
    issn = "0370-2693",
    doi = "https://doi.org/10.1016/j.physletb.2018.09.065",
    url = "http://www.sciencedirect.com/science/article/pii/S0370269318308694",
    author = "Shankar Sunil Nair and Elisabetta Perotti and Stefan Leupold",
    keywords = "Radiative decays of hyperons, Electric dipole moment, CP violation",
    abstract = "On general grounds based on quantum field theory the decay amplitude for Σ0→Λγ consists of a parity conserving magnetic and a parity violating electric dipole transition moment. Because of the subsequent self-analyzing weak decay of the Λ hyperon the interference between magnetic and electric dipole transition moment leads to an asymmetry in the angular distribution. Comparing the decay distributions for the Σ0 hyperon and its antiparticle gives access to possible C and CP violation. Based on flavor SU(3) symmetry the present upper limit on the neutron electric dipole moment can be translated to an upper limit for the angular asymmetry. It turns out to be far below any experimental resolution that one can expect in the foreseeable future. Thus any true observation of a CP violating angular asymmetry would constitute physics beyond the standard model, even if extended by a CP violating QCD theta-vacuum-angle term."
}

@article{Chen:2000tv,
    author = "Chen, J. C. and Huang, G. S. and Qi, X. R. and Zhang, D. H. and Zhu, Y. S.",
    doi = "10.1103/PhysRevD.62.034003",
    journal = "Phys.Rev.D",
    pages = "034003",
    title = "Event generator for J / psi and psi (2S) decay",
    volume = "62",
    year = "2000"
}
@article{Yang:2014vra,
    author = "Yang, Rui-Ling and Ping, Rong-Gang and Chen, Hong",
    doi = "10.1088/0256-307X/31/6/061301",
    journal = "Chin.Phys.Lett.",
    pages = "061301",
    title = "Tuning and Validation of the Lundcharm Model with $J/\psi$ Decays",
    volume = "31",
    year = "2014"
}

@Article{Plano1957,
	author="Plano, R.
		and Samios, N.
		and Schwartz, M.
		and Steinberger, J.",
	title="Demostration of the existence of the $\Sigma$0 hyperon and a measurement of its mass",
	journal="Il Nuovo Cimento (1955-1965)",
	year="1957",
	month="Jan",
	day="01",
	volume="5",
	number="1",
	pages="216--219",
	abstract="Three events, demonstrating the existence of the $\Sigma$0 hyperon, have been found in a propane bubble chamber. TheQ-value for the decay $\Sigma$0 {\textrightarrow} $\Lambda$0+$\gamma$+Q has been measured to be (73.0 {\textpm} 3.5) MeV.",
	issn="1827-6121",
	doi="10.1007/BF02812828",
	url="https://doi.org/10.1007/BF02812828"
}

@Article{1957:desoh,
	title="The determination of the spins of the hypersons",
	journal="Il Nuovo Cimento (1955-1965)",
	year="1957",
	month="Aug",
	day="01",
	volume="6",
	number="2",
	pages="673--690",
	issn="1827-6121",
	doi="10.1007/BF02824515",
	url="https://doi.org/10.1007/BF02824515"
}
@article{Courant:1963zzd,
      author         = "Courant, H. and Franzini, P.",
      title          = "{Determination of the Relative Sigma Lambda Parity}",
      journal        = "Phys. Rev. Lett.",
      volume         = "10",
      year           = "1963",
      pages          = "409",
      doi            = "10.1103/PhysRevLett.10.409",
      SLACcitation   = "%%CITATION = PRLTA,10,409;%%"
}

@article{AlffSteinberger:1965zz,
    author         = "Alff-Steinberger, C. and Berley, D.",
    title          = "{Determination of Sigma Lambda Relative Parity}",
    journal        = "Phys. Rev.",
    volume         = "137",
    year           = "1965",
    pages          = "B1105",
    doi            = "10.1103/PhysRev.137.B1105",
    SLACcitation   = "%%CITATION = PHRVA,137,B1105;%%"
}

@article{Dydak:1976dn,
    author         = "Dydak, F. and others",
    title          = "{Measurement of the Sigma0 Lifetime}",
    journal        = "Nucl. Phys.",
    volume         = "B118",
    year           = "1977",
    pages          = "1-24",
    doi            = "10.1016/0550-3213(77)90359-5",
    reportNumber   = "PRINT-76-0803 (CERN)",
    SLACcitation   = "%%CITATION = NUPHA,B118,1;%%"
}

@article{Petersen:1986fi,
    author         = "Petersen, P. C. and others",
    title          = "{Measurement of the $\Sigma^0 - \Lambda$ Transition
                      Magnetic Moment}",
    journal        = "Phys. Rev. Lett.",
    volume         = "57",
    year           = "1986",
    pages          = "949-952",
    doi            = "10.1103/PhysRevLett.57.949",
    SLACcitation   = "%%CITATION = PRLTA,57,949;%%"
}

@article{Devlin:1986hm,
    author         = "Devlin, T. and Petersen, P. C. and Beretvas, A.",
    title          = "{On Primakoff Production of $\Sigma^0$ Hyperons}",
    journal        = "Phys. Rev.",
    volume         = "D34",
    year           = "1986",
    pages          = "1626-1628",
    doi            = "10.1103/PhysRevD.34.1626",
    SLACcitation   = "%%CITATION = PHRVA,D34,1626;%%"
}

@article{Feinberg:1958zz,
      author         = "Feinberg, G.",
      title          = "{Internal Pair Creation in Sigma0 Decay}",
      journal        = "Phys. Rev.",
      volume         = "109",
      year           = "1958",
      pages          = "1019-1020",
      doi            = "10.1103/PhysRev.109.1019",
      SLACcitation   = "%%CITATION = PHRVA,109,1019;%%"
}

%%% contains utf-8, see: http://inspirehep.net/info/faq/general#utf8
%%% add \usepackage[utf8]{inputenc} to your latex preamble

@article{Husek:2019wmt,
      author         = "Husek, Tomáš and Leupold, Stefan",
      title          = "{Radiative corrections for the decay $\Sigma^0\to\Lambda
                        e^+ e^-$}",
      year           = "2019",
      eprint         = "1911.02571",
      archivePrefix  = "arXiv",
      primaryClass   = "hep-ph",
      SLACcitation   = "%%CITATION = ARXIV:1911.02571;%%"
}

@article{Abers:1977dc,
      author         = "Abers, Ernest S. and Sharif, Madjid",
      title          = "{Parity Violation in the decay $\Sigma^0\to\Lambda  e^+
          e^-$}",
      journal        = "Phys. Rev.",
      volume         = "D16",
      year           = "1977",
      pages          = "2237",
      doi            = "10.1103/PhysRevD.16.2237",
      reportNumber   = "UCLA/77/TEP/10",
      SLACcitation   = "%%CITATION = PHRVA,D16,2237;%%"
}

@article{Mani:1974wt,
      author         = "Mani, H. S. and Sharatchandra, H. S.",
      title          = "{Effect of neutral weak current in the decay Sigma(0) to
                        Lambda(0) e+ e- in Weinberg's model}",
      journal        = "Phys. Rev.",
      volume         = "D10",
      year           = "1974",
      pages          = "2849-2852",
      doi            = "10.1103/PhysRevD.10.2849",
      SLACcitation   = "%%CITATION = PHRVA,D10,2849;%%"
}

@article{Sidhu:1972rx,
      author         = "Sidhu, D. P. and Smith, J.",
      title          = "{Radiative corrections to the sigma ---> lambda e+ e-
                        decay}",
      journal        = "Phys. Rev.",
      volume         = "D4",
      year           = "1971",
      pages          = "3344-3349",
      doi            = "10.1103/PhysRevD.4.3344",
      SLACcitation   = "%%CITATION = PHRVA,D4,3344;%%"
}

@article{Michel:1965zz,
      author         = "Michel, F. Curtis",
      title          = "{Neutral Weak Interaction Currents}",
      journal        = "Phys. Rev.",
      volume         = "138",
      year           = "1965",
      pages          = "B408-B415",
      doi            = "10.1103/PhysRev.138.B408",
      SLACcitation   = "%%CITATION = PHRVA,138,B408;%%"
}

@article{Krasznahorkay:2015iga,
    author = "Krasznahorkay, A. J. and others",
    archivePrefix = "arXiv",
    doi = "10.1103/PhysRevLett.116.042501",
    eprint = "1504.01527",
    journal = "Phys.Rev.Lett.",
    number = "4",
    pages = "042501",
    primaryClass = "nucl-ex",
    title = "Observation of Anomalous Internal Pair Creation in Be8 : A Possible Indication of a Light, Neutral Boson",
    volume = "116",
    year = "2016"
}


@article{Jiang:2018uhs,
    author = "Jiang, Jun and Chen, Long-Bin and Liang, Yi and Qiao, Cong-Feng",
    doi = "10.1140/epjc/s10052-018-5945-3",
    journal = "Eur.Phys.J.C",
    number = "6",
    pages = "456",
    title = "X(16.7) Production",
    volume = "78",
    year = "2018"
}

@article{Krasznahorkay:2019lyl,
    author = "Krasznahorkay, A.J. and others",
    archivePrefix = "arXiv",
    eprint = "1910.10459",
    primaryClass = "nucl-ex",
    title = "New evidence supporting the existence of the hypothetic X17 particle"
}

@book{schwartz2014quantum,
  title={Quantum field theory and the standard model},
  author={Schwartz, Matthew D},
  year={2014},
  publisher={Cambridge University Press}
}

@article{Kroll:1955zu,
    author = "Kroll, Norman M. and Wada, Walter",
    doi = "10.1103/PhysRev.98.1355",
    journal = "Phys.Rev.",
    pages = "1355--1359",
    title = "Internal pair production associated with the emission of high-energy gamma rays",
    volume = "98",
    year = "1955"
}
@article{Faessler:1999de,
    author = "Faessler, Amand and Fuchs, C. and Krivoruchenko, M.I.",
    archivePrefix = "arXiv",
    doi = "10.1103/PhysRevC.61.035206",
    eprint = "nucl-th/9904024",
    journal = "Phys.Rev.C",
    pages = "035206",
    title = "Dilepton spectra from decays of light unflavored mesons",
    volume = "61",
    year = "2000"
}

@article{PhysRevC.61.035206,
  title = {Dilepton spectra from decays of light unflavored mesons},
  author = {Faessler, Amand and Fuchs, C. and Krivoruchenko, M. I.},
  journal = {Phys. Rev. C},
  volume = {61},
  issue = {3},
  pages = {035206},
  numpages = {23},
  year = {2000},
  month = {Feb},
  publisher = {American Physical Society},
  doi = {10.1103/PhysRevC.61.035206},
  url = {https://link.aps.org/doi/10.1103/PhysRevC.61.035206}
}

@article{TERSCHLUSEN2010191,
title = "Electromagnetic transition form factors of light vector mesons",
journal = "Physics Letters B",
volume = "691",
number = "4",
pages = "191 - 201",
year = "2010",
issn = "0370-2693",
doi = "https://doi.org/10.1016/j.physletb.2010.06.033",
url = "http://www.sciencedirect.com/science/article/pii/S0370269310007902",
author = "Carla Terschlüsen and Stefan Leupold",
keywords = "Vector mesons, Electromagnetic form factors, Vector-meson dominance, Effective field theory",
abstract = "The decays of narrow light vector mesons into pseudoscalar mesons and dileptons are calculated to leading order in a recently proposed scheme which treats pseudoscalar and vector mesons on equal footing. Since all required parameters have been determined by other reactions the presented approach gains predictive power for the considered processes. The decay of the ω-meson into pion and dimuon agrees reasonably well with the available experimental data concerning form factor, single-differential decay width and partial decay width. As well do the partial decay width of the ω-meson into a pion and a dielectron and of the ϕ-meson into an η-meson and a dielectron. The decay properties of the ω-meson into η-meson and dimuon or dielectron and of the ϕ-meson into η-meson and dimuon are predicted."
}
@article{Zhang:1991et,
    author = "Zhang, X. and Sebastian, K.J. and Grotch, H.",
    doi = "10.1103/PhysRevD.44.1606",
    journal = "Phys.Rev.D",
    pages = "1606--1609",
    title = "M1 decay rates of heavy quarkonia with a nonsingular potential",
    volume = "44",
    year = "1991"
}

@article{PhysRevD.44.1606,
  title = {$M1$ decay rates of heavy quarkonia with a nonsingular potential},
  author = {Zhang, Xingguo and Sebastian, K. J. and Grotch, H.},
  journal = {Phys. Rev. D},
  volume = {44},
  issue = {5},
  pages = {1606--1609},
  numpages = {0},
  year = {1991},
  month = {Sep},
  publisher = {American Physical Society},
  doi = {10.1103/PhysRevD.44.1606},
  url = {https://link.aps.org/doi/10.1103/PhysRevD.44.1606}
}
@article{Ebert:2002pp,
    author = "Ebert, D. and Faustov, R.N. and Galkin, V.O.",
    archivePrefix = "arXiv",
    doi = "10.1103/PhysRevD.67.014027",
    eprint = "hep-ph/0210381",
    journal = "Phys.Rev.D",
    pages = "014027",
    reportNumber = "HU-EP-02-45",
    title = "Properties of heavy quarkonia and $B\_c$ mesons in the relativistic quark model",
    volume = "67",
    year = "2003"
}

@article{PhysRevD.67.014027,
  title = {Properties of heavy quarkonia and ${B}_{c}$ mesons in the relativistic quark model},
  author = {Ebert, D. and Faustov, R. N. and Galkin, V. O.},
  journal = {Phys. Rev. D},
  volume = {67},
  issue = {1},
  pages = {014027},
  numpages = {19},
  year = {2003},
  month = {Jan},
  publisher = {American Physical Society},
  doi = {10.1103/PhysRevD.67.014027},
  url = {https://link.aps.org/doi/10.1103/PhysRevD.67.014027}
}
@article{LAHDE2003183,
title = "Exchange current operators and electromagnetic dipole transitions in heavy quarkonia",
journal = "Nuclear Physics A",
volume = "714",
number = "1",
pages = "183 - 212",
year = "2003",
issn = "0375-9474",
doi = "https://doi.org/10.1016/S0375-9474(02)01362-3",
url = "http://www.sciencedirect.com/science/article/pii/S0375947402013623",
author = "T.A. Lähde",
abstract = "The electromagnetic E1 and M1 transitions in heavy quarkonia (cc̄,bb̄,cb̄) and the magnetic moment of the Bc± are calculated within the framework of the covariant Blankenbecler–Sugar (BSLT) equation. The aim of this paper is to study the effects of two-quark exchange current operators which involve the QQ interaction, that arise in the BSLT (or Schrödinger) reduction of the Bethe–Salpeter equation. These are found to be small for E1 dominated transitions such as ψ(nS)→χcJγ and ϒ(nS)→χbJγ, but significant for the M1 dominated ones. It is shown that a satisfactory description of the empirical data on E1 and M1 transitions in charmonium and bottomonium requires unapproximated treatment of the Dirac currents of the quarks. Finally, it is demonstrated that many of the transitions are sensitive to the form of the QQ wavefunctions, and thus require a realistic treatment of the large hyperfine splittings in the heavy quarkonium systems."
}
@article{Ke:2010vn,
    author = "Ke, Hong-Wei and Li, Xue-Qian and Wei, Zheng-Tao and Liu, Xiang",
    archivePrefix = "arXiv",
    doi = "10.1103/PhysRevD.82.034023",
    eprint = "1006.1091",
    journal = "Phys.Rev.D",
    pages = "034023",
    primaryClass = "hep-ph",
    title = "Re-Study on the wave functions of $\Upsilon(nS)$ states in LFQM and the radiative decays of $\Upsilon(nS)\to \eta\_b+\gamma$",
    volume = "82",
    year = "2010"
}

@article{PhysRevD.82.034023,
  title = {Restudy on the wave functions of $\ensuremath{\Upsilon}(nS)$ states in the light-front quark model and the radiative decays of $\ensuremath{\Upsilon}(nS)\ensuremath{\rightarrow}{\ensuremath{\eta}}_{b}+\ensuremath{\gamma}$},
  author = {Ke, Hong-Wei and Li, Xue-Qian and Wei, Zheng-Tao and Liu, Xiang},
  journal = {Phys. Rev. D},
  volume = {82},
  issue = {3},
  pages = {034023},
  numpages = {9},
  year = {2010},
  month = {Aug},
  publisher = {American Physical Society},
  doi = {10.1103/PhysRevD.82.034023},
  url = {https://link.aps.org/doi/10.1103/PhysRevD.82.034023}
}
@article{Donald:2012ga,
    author = "Donald, G.C. and Davies, C.T.H. and Dowdall, R.J. and Follana, E. and Hornbostel, K. and Koponen, J. and Lepage, G.P. and McNeile, C.",
    archivePrefix = "arXiv",
    doi = "10.1103/PhysRevD.86.094501",
    eprint = "1208.2855",
    journal = "Phys.Rev.D",
    pages = "094501",
    primaryClass = "hep-lat",
    title = "Precision tests of the $J/{\psi}$ from full lattice QCD: mass, leptonic width and radiative decay rate to ${\eta}\_c$",
    volume = "86",
    year = "2012"
}

@article{PhysRevD.86.094501,
  title = {Precision tests of the $J/\ensuremath{\psi}$ from full lattice QCD: Mass, leptonic width, and radiative decay rate to ${\ensuremath{\eta}}_{c}$},
  author = {Donald, G. C. and Davies, C. T. H. and Dowdall, R. J. and Follana, E. and Hornbostel, K. and Koponen, J. and Lepage, G. P. and McNeile, C.},
  collaboration = {HPQCD Collaboration},
  journal = {Phys. Rev. D},
  volume = {86},
  issue = {9},
  pages = {094501},
  numpages = {21},
  year = {2012},
  month = {Nov},
  publisher = {American Physical Society},
  doi = {10.1103/PhysRevD.86.094501},
  url = {https://link.aps.org/doi/10.1103/PhysRevD.86.094501}
}
@article{Dudek:2006ej,
    author = "Dudek, Jozef J. and Edwards, Robert G. and Richards, David G.",
    archivePrefix = "arXiv",
    doi = "10.1103/PhysRevD.73.074507",
    eprint = "hep-ph/0601137",
    journal = "Phys.Rev.D",
    pages = "074507",
    reportNumber = "JLAB-THY-06-457",
    title = "Radiative transitions in charmonium from lattice QCD",
    volume = "73",
    year = "2006"
}

@article{PhysRevD.73.074507,
  title = {Radiative transitions in charmonium from lattice QCD},
  author = {Dudek, Jozef J. and Edwards, Robert G. and Richards, David G.},
  journal = {Phys. Rev. D},
  volume = {73},
  issue = {7},
  pages = {074507},
  numpages = {23},
  year = {2006},
  month = {Apr},
  publisher = {American Physical Society},
  doi = {10.1103/PhysRevD.73.074507},
  url = {https://link.aps.org/doi/10.1103/PhysRevD.73.074507}
}
@article{Fu:2011yy,
    author = "Fu, Jinlin and Li, Hai-Bo and Qin, Xiaoshuai and Yang, Mao-Zhi",
    archivePrefix = "arXiv",
    doi = "10.1142/S0217732312502239",
    eprint = "1111.4055",
    journal = "Mod.Phys.Lett.A",
    pages = "1250223",
    primaryClass = "hep-ph",
    title = "Study of the Electromagnetic Transitions $J/\psi \rightarrow P l^+l^-$ and Probe Dark Photon",
    volume = "27",
    year = "2012"
}

@article{doi:10.1142/S0217732312502239,
author = {FU, JINLIN and LI, HAI-BO and QIN, XIAOSHUAI and YANG, MAO-ZHI},
title = {STUDY OF THE ELECTROMAGNETIC TRANSITIONS J/ψ → P l+l- AND PROBE DARK PHOTON},
journal = {Modern Physics Letters A},
volume = {27},
number = {38},
pages = {1250223},
year = {2012},
doi = {10.1142/S0217732312502239},

URL = { 
        https://doi.org/10.1142/S0217732312502239
    
},
eprint = { 
        https://doi.org/10.1142/S0217732312502239
    
}
,
    abstract = { We study the electromagnetic Dalitz decay modes of J/ψ → P l+l- (P = π0, η or η′). In these decays, the lepton pairs are formed by internal conversion of an intermediate virtual photon with invariant mass ml+l-. Study of the effective-mass spectrum of the l+l- will shed light on the dynamic transition form factor \$F\_{J/\psi P}(q^2)\, (q^2 = m^2\_{l^+l^-})\$, which characterizes the electromagnetic structure arising at the vertex of the transition J/ψ to pseudoscalars. We also discuss the direct productions of a GeV scale vector U boson in these processes J/ψ → PU (U → l+l-). It is responsible for mediating a new U(1)d interaction, as recently exploited in the context of weakly interacting massive particle dark matter. In this paper, we firstly use the usual pole approximation for the form factor to estimate the decay rate of J/ψ → P l+l- in the Standard Model. Then the reach of searching for the dark photon is estimated. We suggest that these Dalitz decays can be used to search for the light U boson in the BESIII experiment with a huge J/ψ data set. }
}
@article{Pineda:2013lta,
    author = "Pineda, Antonio and Segovia, J.",
    archivePrefix = "arXiv",
    doi = "10.1103/PhysRevD.87.074024",
    eprint = "1302.3528",
    journal = "Phys.Rev.D",
    number = "7",
    pages = "074024",
    primaryClass = "hep-ph",
    title = "Improved determination of heavy quarkonium magnetic dipole transitions in potential nonrelativistic QCD",
    volume = "87",
    year = "2013"
}
@article{Ablikim:2014nro,
    author = "Ablikim, M. and others",
    archivePrefix = "arXiv",
    collaboration = "BESIII",
    doi = "10.1103/PhysRevD.89.092008",
    eprint = "1403.7042",
    journal = "Phys.Rev.D",
    number = "9",
    pages = "092008",
    primaryClass = "hep-ex",
    title = "Observation of electromagnetic Dalitz decays J/\psi \to P e^+e^-",
    volume = "89",
    year = "2014"
}
@article{Ablikim:2018xxs,
    author = "Ablikim, M. and others",
    archivePrefix = "arXiv",
    collaboration = "BESIII",
    doi = "10.1016/j.physletb.2018.05.038",
    eprint = "1803.09714",
    journal = "Phys.Lett.B",
    pages = "452--458",
    primaryClass = "hep-ex",
    title = "Observation of $\psi(3686) \to \eta' e^+ e^- $",
    volume = "783",
    year = "2018"
}
@article{GellMann:1961tg,
    author = "Gell-Mann, Murray and Zachariasen, Fredrik",
    doi = "10.1103/PhysRev.124.953",
    journal = "Phys.Rev.",
    pages = "953--964",
    title = "Form-factors and vector mesons",
    volume = "124",
    year = "1961"
}
@article{Bauer:1977iq,
    author = "Bauer, T.H. and Spital, R.D. and Yennie, D.R. and Pipkin, F.M.",
    doi = "10.1103/RevModPhys.50.261",
    journal = "Rev.Mod.Phys.",
    note = "[Erratum: Rev.Mod.Phys. 51, 407 (1979)]",
    pages = "261",
    reportNumber = "PRINT-77-0549 (HARVARD)",
    title = "The Hadronic Properties of the Photon in High-Energy Interactions",
    volume = "50",
    year = "1978"
}
@article{Brambilla:2005zw,
    author = "Brambilla, Nora and Jia, Yu and Vairo, Antonio",
    archivePrefix = "arXiv",
    doi = "10.1103/PhysRevD.73.054005",
    eprint = "hep-ph/0512369",
    journal = "Phys.Rev.D",
    pages = "054005",
    reportNumber = "IFUM-841-FT",
    title = "Model-independent study of magnetic dipole transitions in quarkonium",
    volume = "73",
    year = "2006"
}
@article{Asner:2009zza,
    author = "Asner, D.M. and others",
    doi = "10.1142/S0217751X09046801",
    journal = "Int.J.Mod.Phys.A",
    pages = "499--502",
    title = "Charm physics",
    volume = "24S1",
    year = "2009"
}
@article{Kou:2018nap,
    author = "Altmannshofer, W. and others",
    editor = "Kou, E. and Urquijo, P.",
    archivePrefix = "arXiv",
    collaboration = "Belle-II",
    doi = "10.1093/ptep/ptz106",
    eprint = "1808.10567",
    journal = "PTEP",
    number = "12",
    pages = "123C01",
    primaryClass = "hep-ex",
    reportNumber = "KEK Preprint 2018-27, BELLE2-PUB-PH-2018-001, FERMILAB-PUB-18-398-T, JLAB-THY-18-2780, INT-PUB-18-047, UWThPh 2018-26",
    title = "The Belle II Physics Book",
    volume = "2019",
    year = "2019"
}
@article{Lees:2011mx,
    author = "Lees, J.P. and others",
    archivePrefix = "arXiv",
    collaboration = "BaBar",
    doi = "10.1103/PhysRevD.84.072002",
    eprint = "1104.5254",
    journal = "Phys.Rev.D",
    pages = "072002",
    primaryClass = "hep-ex",
    reportNumber = "SLAC-PUB-14446, BABAR-PUB-11-002",
    title = "Study of radiative bottomonium transitions using converted photons",
    volume = "84",
    year = "2011"
}
@article{Landsberg:1986sk,
    author = "Landsberg, L.G.",
    doi = "10.1070/PU1985v028n06ABEH003830",
    journal = "Sov.Phys.Usp.",
    pages = "435--466",
    title = "Electromagnetic Leptonic Decays and Structure of Light Mesons",
    volume = "28",
    year = "1985"
}
@article{Landsberg:1986fd,
    author = "Landsberg, L.G.",
    doi = "10.1016/0370-1573(85)90129-2",
    journal = "Phys.Rept.",
    pages = "301--376",
    title = "Electromagnetic Decays of Light Mesons",
    volume = "128",
    year = "1985"
}
@article{Klingl:1996by,
    author = "Klingl, F. and Kaiser, Norbert and Weise, W.",
    archivePrefix = "arXiv",
    doi = "10.1007/s002180050167",
    eprint = "hep-ph/9607431",
    journal = "Z.Phys.A",
    pages = "193--206",
    title = "Effective Lagrangian approach to vector mesons, their structure and decays",
    volume = "356",
    year = "1996"
}
@article{Shifman:1979nx,
    author = "Shifman, Mikhail A.",
    doi = "10.1007/BF01421576",
    journal = "Z.Phys.C",
    note = "[Erratum: Z.Phys.C 6, 282 (1980)]",
    pages = "345",
    reportNumber = "ITEP-122-1979",
    title = "eta(c) AS WE KNOW IT",
    volume = "4",
    year = "1980"
}
@article{Hwang:2006cua,
    author = "Hwang, Chien-Wen and Wei, Zheng-Tao",
    archivePrefix = "arXiv",
    doi = "10.1088/0954-3899/34/4/008",
    eprint = "hep-ph/0609036",
    journal = "J.Phys.G",
    pages = "687--702",
    title = "Covariant light-front approach for heavy quarkonium: Decay constants, P ---> gamma gamma and V ---> P gamma",
    volume = "34",
    year = "2007"
}
@article{Becirevic:2012dc,
    author = "Becirevic, Damir and Sanfilippo, Francesco",
    archivePrefix = "arXiv",
    doi = "10.1007/JHEP01(2013)028",
    eprint = "1206.1445",
    journal = "JHEP",
    pages = "028",
    primaryClass = "hep-lat",
    reportNumber = "LPT-12-52",
    title = "Lattice QCD study of the radiative decays $J/\psi\to \eta\_c\gamma$ and $h\_c\to \eta\_c\gamma$",
    volume = "01",
    year = "2013"
}
@article{Ireland:2019uja,
    author = "Ireland, D.G. and D?ring, M. and Glazier, D.I. and Haidenbauer, J. and Mai, M. and Murray-Smith, R. and R?nchen, D.",
    archivePrefix = "arXiv",
    doi = "10.1103/PhysRevLett.123.182301",
    eprint = "1904.07616",
    journal = "Phys.Rev.Lett.",
    number = "18",
    pages = "182301",
    primaryClass = "nucl-ex",
    title = "Kaon Photoproduction and the $\Lambda$ Decay Parameter $\alpha\_-$",
    volume = "123",
    year = "2019"
}
@article{Richman:1984gh,
    author = "Richman, Jeffrey D.",
    reportNumber = "CALT-68-1148",
    title = "An Experimenter's Guide to the Helicity Formalism"
}
@article{Aubert:2007uf,
    author = "Aubert, Bernard and others",
    archivePrefix = "arXiv",
    collaboration = "BaBar",
    doi = "10.1103/PhysRevD.76.092006",
    eprint = "0709.1988",
    journal = "Phys.Rev.D",
    pages = "092006",
    primaryClass = "hep-ex",
    reportNumber = "SLAC-PUB-12806, BABAR-PUB-07-054",
    title = "Study of $e^{+} e^{-} \to \Lambda \bar{\Lambda}$, $\Lambda \bar{\Sigma}^0$, $\Sigma^0 \bar{\Sigma}^0$ using initial state radiation with BABAR",
    volume = "76",
    year = "2007"
}
@article{Ablikim:2012bw,
    author = "Ablikim, M. and others",
    archivePrefix = "arXiv",
    collaboration = "BESIII",
    doi = "10.1103/PhysRevD.86.032008",
    eprint = "1207.1201",
    journal = "Phys.Rev.D",
    pages = "032008",
    primaryClass = "hep-ex",
    title = "First observation of the isospin violating decay $J/\psi \rightarrow \Lambda\bar{\Sigma}^{0}+c.c.$",
    volume = "86",
    year = "2012"
}
@article{Aubert:2009am,
    author = "Aubert, Bernard and others",
    archivePrefix = "arXiv",
    collaboration = "BaBar",
    doi = "10.1103/PhysRevD.79.112009",
    eprint = "0904.4724",
    journal = "Phys.Rev.D",
    pages = "112009",
    primaryClass = "hep-ex",
    reportNumber = "SLAC-PUB-13592, BABAR-PUB-09-003",
    title = "Measurement of the Branching Fraction and anti-Lambda Polarization in B0 ---> anti-Lambda p pi-",
    volume = "79",
    year = "2009"
}
@article{Holmstrom:2004ar,
    author = "Holmstrom, T. and others",
    archivePrefix = "arXiv",
    collaboration = "HyperCP",
    doi = "10.1103/PhysRevLett.93.262001",
    eprint = "hep-ex/0412038",
    journal = "Phys.Rev.Lett.",
    pages = "262001",
    reportNumber = "FERMILAB-PUB-04-400-E",
    title = "Search for CP violation in charged-Xi and Lambda hyperon decays",
    volume = "93",
    year = "2004"
}
@article{Bigi:2017eni,
    author = "Bigi, I.I. and Kang, Xian-Wei and Li, Hai-Bo",
    archivePrefix = "arXiv",
    doi = "10.1088/1674-1137/42/1/013101",
    eprint = "1704.04708",
    journal = "Chin.Phys.C",
    number = "1",
    pages = "013101",
    primaryClass = "hep-ph",
    reportNumber = "UND-HEP-17-BIG, IHEP-BESIII-LI01",
    title = "CP Asymmetries in Strange Baryon Decays",
    volume = "42",
    year = "2018"
}
@article{Faldt:2016qee,
    author = "Fäldt, Göran",
    archivePrefix = "arXiv",
    doi = "10.1140/epja/i2016-16141-y",
    eprint = "1602.02532",
    journal = "Eur.Phys.J.A",
    number = "5",
    pages = "141",
    primaryClass = "nucl-th",
    title = "Polarization observables in the $e^{+}e^{-} \rightarrow \bar{\Lambda}\Lambda$ reaction",
    volume = "52",
    year = "2016"
}
@article{Faldt:2017kgy,
    author = "Fäldt, Göran and Kupsc, Andrzej",
    archivePrefix = "arXiv",
    doi = "10.1016/j.physletb.2017.06.011",
    eprint = "1702.07288",
    journal = "Phys.Lett.B",
    pages = "16--20",
    primaryClass = "hep-ph",
    title = "Hadronic structure functions in the $e^+ e^- \rightarrow \bar{\Lambda} \Lambda$ reaction",
    volume = "772",
    year = "2017"
}
@article{Dubnickova:1992ii,
    author = "Dubnickova, A.Z. and Dubnicka, S. and Rekalo, M.P.",
    doi = "10.1007/BF02731012",
    journal = "Nuovo Cim.A",
    pages = "241--256",
    reportNumber = "JINR-E2-92-522",
    title = "Investigation of the nucleon electromagnetic structure by
        polarization effects in $e^+ e^- \to N \bar{N}$ processes",
    volume = "109",
    year = "1996"
}

@article{Tanabashi:2018oca,
    author = "Tanabashi, M. and others",
    collaboration = "Particle Data Group",
    doi = "10.1103/PhysRevD.98.030001",
    journal = "Phys.Rev.D",
    number = "3",
    pages = "030001",
    title = "Review of Particle Physics",
    volume = "98",
    year = "2018"
}
@book{Sakurai:2011zz,
    author = "Sakurai, Jun John and Napolitano, Jim",
    address = "Cambridge",
    isbn = "978-0-8053-8291-4, 978-1-108-52742-2",
    publisher = "Cambridge University Press",
    series = "Quantum physics, quantum information and quantum computation",
    title = "Modern quantum physics",
    year = "2017"
}
@article{Donoghue:1986hh,
    author = "Donoghue, John F. and He, Xiao-Gang and Pakvasa, Sandip",
    doi = "10.1103/PhysRevD.34.833",
    journal = "Phys.Rev.D",
    pages = "833",
    reportNumber = "UH-511-579-86, UMHEP-245",
    title = "Hyperon Decays and CP Nonconservation",
    volume = "34",
    year = "1986"
}
@article{Tandean:2002vy,
    author = "Tandean, Jusak and Valencia, G.",
    archivePrefix = "arXiv",
    doi = "10.1103/PhysRevD.67.056001",
    eprint = "hep-ph/0211165",
    journal = "Phys.Rev.D",
    pages = "056001",
    title = "CP violation in hyperon nonleptonic decays within the standard model",
    volume = "67",
    year = "2003"
}
@article{Kharzeev:2015znc,
    author = "Kharzeev, D.E. and Liao, J. and Voloshin, S.A. and Wang, G.",
    archivePrefix = "arXiv",
    doi = "10.1016/j.ppnp.2016.01.001",
    eprint = "1511.04050",
    journal = "Prog.Part.Nucl.Phys.",
    pages = "1--28",
    primaryClass = "hep-ph",
    title = "Chiral magnetic and vortical effects in high-energy nuclear collisions—A status report",
    volume = "88",
    year = "2016"
}
@article{Guo:2019joy,
    author = "Guo, Yu and Shi, Shuzhe and Feng, Shengqin and Liao, Jinfeng",
    archivePrefix = "arXiv",
    doi = "10.1016/j.physletb.2019.134929",
    eprint = "1905.12613",
    journal = "Phys.Lett.B",
    pages = "134929",
    primaryClass = "nucl-th",
    title = "Magnetic Field Induced Polarization Difference between Hyperons and Anti-hyperons",
    volume = "798",
    year = "2019"
}
@article{Deng:2018frf,
    author = "Deng, X.G. and Ma, Y.G.",
    doi = "10.1140/epja/i2018-12635-x",
    journal = "Eur.Phys.J.A",
    number = "11",
    pages = "204",
    title = "Magnetic field effects on photon emission in intermediate energy heavy-ion collisions",
    volume = "54",
    year = "2018"
}
@article{Achasov:1992ku,
    author = "Achasov, N.N. and Kozhevnikov, A.A.",
    journal = "Sov.J.Nucl.Phys.",
    pages = "449--459",
    title = "Rare decays of the phi meson forbidden by the OZI rule and by G parity",
    volume = "55",
    year = "1992"
}
@article{Terschluesen:2010ik,
    author = "Terschlusen, Carla and Leupold, Stefan",
    archivePrefix = "arXiv",
    doi = "10.1016/j.physletb.2010.06.033",
    eprint = "1003.1030",
    journal = "Phys.Lett.B",
    pages = "191--201",
    primaryClass = "hep-ph",
    title = "Electromagnetic transition form factors of light vector mesons",
    volume = "691",
    year = "2010"
}
@inproceedings{Ivashyn:2011hb,
    author = "Ivashyn, Sergiy",
    archivePrefix = "arXiv",
    booktitle = "Vector to pseudoscalar meson radiative transitions in chiral theory with resonances",
    eprint = "1111.1291",
    pages = "179--182",
    primaryClass = "hep-ph",
    title = "Vector to pseudoscalar meson radiative transitions in chiral theory with resonances",
    volume = "2012N1",
    year = "2012"
}
@article{Khodjamirian:1983gd,
    author = "Khodjamirian, A.Yu.",
    journal = "Sov.J.Nucl.Phys.",
    pages = "614",
    reportNumber = "EFI-651-41-83-YEREVAN",
    title = "On the Calculation of {$J/\psi \to \eta\_c \gamma$} Width in {QCD}",
    volume = "39",
    year = "1984"
}
@article{Beilin:1985da,
    author = "Beilin, V.A. and Radyushkin, A.V.",
    journal = "Sov.J.Nucl.Phys.",
    pages = "342",
    reportNumber = "JINR-P2-85-974",
    title = "BORELIZED SUM RULES FOR THE RADIATIVE DECAYS OF CHARMONIUM IN QCD",
    volume = "45",
    year = "1987"
}
@article{Lahde:2002wj,
    author = "Lahde, T.A.",
    archivePrefix = "arXiv",
    doi = "10.1016/S0375-9474(02)01362-3",
    eprint = "hep-ph/0208110",
    journal = "Nucl.Phys.A",
    pages = "183--212",
    title = "Exchange current operators and electromagnetic dipole transitions in heavy quarkonia",
    volume = "714",
    year = "2003"
}

@article{Greenberg:1981zv,
    author = "Greenberg, O.W.",
    doi = "10.1119/1.12922",
    journal = "Am.J.Phys.",
    pages = "1074--1089",
    reportNumber = "Print-81-0739 (MARYLAND)",
    title = "QUARKS: RESOURCE LETTER Q-1",
    volume = "50",
    year = "1982"
}
@article{Klein:1983vs,
      author         = "Klein, M. and Riemann, T.",
      title          = "{ELECTROWEAK INTERACTIONS PROBING THE NUCLEON STRUCTURE}",
      journal        = "Z. Phys.",
      volume         = "C24",
      year           = "1984",
      pages          = "151",
      doi            = "10.1007/BF01571719",
      reportNumber   = "PHE 83-08",
      SLACcitation   = "%%CITATION = ZEPYA,C24,151;%%"
}
@article{Blumlein:1996vs,
    author = "Blumlein, Johannes and Kochelev, Nikolai",
    archivePrefix = "arXiv",
    doi = "10.1016/S0550-3213(97)00234-4",
    eprint = "hep-ph/9612318",
    journal = "Nucl.Phys.B",
    pages = "285--309",
    reportNumber = "DESY-96-175",
    title = "On the twist -2 and twist - three contributions to the spin dependent electroweak structure functions",
    volume = "498",
    year = "1997"
}
@article{Forte:2001ph,
    author = "Forte, Stefano and Mangano, Michelangelo L. and Ridolfi, Giovanni",
    archivePrefix = "arXiv",
    doi = "10.1016/S0550-3213(01)00101-8",
    eprint = "hep-ph/0101192",
    journal = "Nucl.Phys.B",
    pages = "585--621",
    reportNumber = "CERN-TH-2000-377, GEF-TH-8-00, RM3-TH-00-20",
    title = "Polarized parton distributions from charged current deep inelastic scattering and future neutrino factories",
    volume = "602",
    year = "2001"
}
@article{Anselmino:1993tc,
    author = "Anselmino, Mauro and Gambino, Paolo and Kalinowski, Jan",
    archivePrefix = "arXiv",
    doi = "10.1007/BF01557397",
    eprint = "hep-ph/9401264",
    journal = "Z.Phys.C",
    pages = "267--274",
    reportNumber = "DFTT-80-93",
    title = "Polarized deep inelastic scattering at high-energies and parity violating structure functions",
    volume = "64",
    year = "1994"
}

@article{Ablikim:2018zay,
    author = "Ablikim, M. and others",
    archivePrefix = "arXiv",
    collaboration = "BESIII",
    doi = "10.1038/s41567-019-0494-8",
    eprint = "1808.08917",
    journal = "Nature Phys.",
    pages = "631--634",
    primaryClass = "hep-ex",
    title = "Polarization and Entanglement in Baryon-Antibaryon Pair Production in Electron-Positron Annihilation",
    volume = "15",
    year = "2019"
}

@article{Bjorken:1968dy,
      author         = "Bjorken, J. D.",
      title          = "{Asymptotic Sum Rules at Infinite Momentum}",
      journal        = "Phys. Rev.",
      volume         = "179",
      year           = "1969",
      pages          = "1547-1553",
      doi            = "10.1103/PhysRev.179.1547",
      reportNumber   = "SLAC-PUB-0510",
      SLACcitation   = "%%CITATION = PHRVA,179,1547;%%"
}

@book{landau1952the,
    author = "Landau, L. D and Lifshitz, E M and Rarita, William", 
    title = "The Classical Theory of Fields",
    journal = "Physics Today",
    volume = "16",
    year = "1952",
    pages = "72-73",
    doi  = "10.1063/1.3067575"
}
@article{Segr1981From,
  title={From X-Rays to Quarks: Modern Physicists and Their Discoveries by Emilio Segré},
  author={Segrè, Emilio and Frisch, David},
  journal={American Journal of Physics},
  volume={49},
  number={3},
  pages={285-286},
  year={1981},
}
% 伦琴发现X射线
@article{Nitske1974The,
  title={The life of Wilhelm Conrad Röntgen, discoverer of the X ray, by W. Robert Nitske.},
  author={Nitske, W. Robert},
  year={1974},
}
%第一次发现阴极射线 
@article{Jordan1869U,
  title={U\"ber die Bestimmung der Genauigkeit mehrfach wiederholter Beobachtungen einer Unbekannten. Von Herrn Professor W. Jordan},
  author={Jordan, W.},
  journal={Astronomische Nachrichten},
  volume={74},
  number={14},
  year={1869},
}
%
